@inproceedings{Nacenta:2008,
 author = {Nacenta, Miguel A. and Mandryk, Regan L. and Gutwin, Carl},
 title = {Targeting Across Displayless Space},
 booktitle = {Proceedings of the SIGCHI Conference on Human Factors in Computing Systems},
 series = {CHI '08},
 year = {2008},
 isbn = {978-1-60558-011-1},
 location = {Florence, Italy},
 pages = {777--786},
 numpages = {10},
 url = {http://doi.acm.org/10.1145/1357054.1357178},
 doi = {10.1145/1357054.1357178},
 acmid = {1357178},
 publisher = {ACM},
 address = {New York, NY, USA},
 keywords = {displayless space, halo, mouse ether, multi-display environments, multi-monitor, off-screen feedback, stitching},
} 

@article{Shoemaker:2012,
 author = {Shoemaker, Garth and Tsukitani, Takayuki and Kitamura, Yoshifumi and Booth, Kellogg S.},
 title = {Two-Part Models Capture the Impact of Gain on Pointing Performance},
 journal = {ACM Trans. Comput.-Hum. Interact.},
 issue_date = {December 2012},
 volume = {19},
 number = {4},
 month = dec,
 year = {2012},
 issn = {1073-0516},
 pages = {28:1--28:34},
 articleno = {28},
 numpages = {34},
 url = {http://doi.acm.org/10.1145/2395131.2395135},
 doi = {10.1145/2395131.2395135},
 acmid = {2395135},
 publisher = {ACM},
 address = {New York, NY, USA},
 keywords = {Fitts, Welford, gain, interaction techniques, large displays, pointing},
} 

@inproceedings{Wilson:2011,
 author = {Wilson, Max L. and Mackay, Wendy and Chi, Ed and Bernstein, Michael and Russell, Dan and Thimbleby, Harold},
 title = {RepliCHI - CHI Should Be Replicating and Validating Results More: Discuss},
 booktitle = {CHI '11 Extended Abstracts on Human Factors in Computing Systems},
 series = {CHI EA '11},
 year = {2011},
 isbn = {978-1-4503-0268-5},
 location = {Vancouver, BC, Canada},
 pages = {463--466},
 numpages = {4},
 url = {http://doi.acm.org/10.1145/1979742.1979491},
 doi = {10.1145/1979742.1979491},
 acmid = {1979491},
 publisher = {ACM},
 address = {New York, NY, USA},
 keywords = {hci, replication, research, science},
} 

@inproceedings{Wilson:2012,
 author = {Wilson, Max and Mackay, Wendy and Chi, Ed and Bernstein, Michael and Nichols, Jeffrey},
 title = {RepliCHI SIG: From a Panel to a New Submission Venue for Replication},
 booktitle = {CHI '12 Extended Abstracts on Human Factors in Computing Systems},
 series = {CHI EA '12},
 year = {2012},
 isbn = {978-1-4503-1016-1},
 location = {Austin, Texas, USA},
 pages = {1185--1188},
 numpages = {4},
 url = {http://doi.acm.org/10.1145/2212776.2212419},
 doi = {10.1145/2212776.2212419},
 acmid = {2212419},
 publisher = {ACM},
 address = {New York, NY, USA},
 keywords = {replication, reproducing results, research methods},
} 

@inproceedings{Wilson:2013,
 author = {Wilson, Max L. L. and Resnick, Paul and Coyle, David and Chi, Ed H.},
 title = {RepliCHI: The Workshop},
 booktitle = {CHI '13 Extended Abstracts on Human Factors in Computing Systems},
 series = {CHI EA '13},
 year = {2013},
 isbn = {978-1-4503-1952-2},
 location = {Paris, France},
 pages = {3159--3162},
 numpages = {4},
 url = {http://doi.acm.org/10.1145/2468356.2479636},
 doi = {10.1145/2468356.2479636},
 acmid = {2479636},
 publisher = {ACM},
 address = {New York, NY, USA},
 keywords = {evaluation, methodology, replication},
} 

@inproceedings{Wilson:2014,
 author = {Wilson, Max L. and Chi, Ed H. and Reeves, Stuart and Coyle, David},
 title = {RepliCHI: The Workshop II},
 booktitle = {CHI '14 Extended Abstracts on Human Factors in Computing Systems},
 series = {CHI EA '14},
 year = {2014},
 isbn = {978-1-4503-2474-8},
 location = {Toronto, Ontario, Canada},
 pages = {33--36},
 numpages = {4},
 url = {http://doi.acm.org/10.1145/2559206.2559233},
 doi = {10.1145/2559206.2559233},
 acmid = {2559233},
 publisher = {ACM},
 address = {New York, NY, USA},
 keywords = {evaluation, methodology, replication},
} 

@inproceedings{Mackay:2007,
 author = {Mackay, Wendy E. and Appert, Caroline and Beaudouin-Lafon, Michel and Chapuis, Olivier and Du, Yangzhou and Fekete, Jean-Daniel and Guiard, Yves},
 title = {Touchstone: Exploratory Design of Experiments},
 booktitle = {Proceedings of the SIGCHI Conference on Human Factors in Computing Systems},
 series = {CHI '07},
 year = {2007},
 isbn = {978-1-59593-593-9},
 location = {San Jose, California, USA},
 pages = {1425--1434},
 numpages = {10},
 url = {http://doi.acm.org/10.1145/1240624.1240840},
 doi = {10.1145/1240624.1240840},
 acmid = {1240840},
 publisher = {ACM},
 address = {New York, NY, USA},
 keywords = {benchmarking, experimental design, interaction techniques, touchstone},
} 

@misc{Nacenta:memorability_data,
	title = {Memorability of pre-designed and user-defined gesture sets: experimental dataset},
	url = {http://research-repository.st-andrews.ac.uk/handle/10023/3486},
	urldate = {2014-09-01},
	journal = {University of St Andrews Research Repository},
	author = {Nacenta, Miguel A. and Kamber, Yemliha and Qiang, Yizhou and Kristensson, Per Ola}
}

@book{hartson:2012,
  title={The UX book: process and guidelines for ensuring a quality user experience},
  author={Hartson, Rex and Pyla, Pardha S},
  year={2012},
  publisher={Elsevier}
}

@inproceedings{Grijincu:2014,
 author = {Grijincu, Daniela and Nacenta, Miguel A. and Kristensson, Per Ola},
 title = {User-defined Interface Gestures: a Dataset and Analysis},
 booktitle = {Proceedings of the ACM conference on Interactive Tabletops and Surfaces},
 series = {ITS'14},
 year = {2014 (in press)},
 location = {Dresden, Germany},
 pages = {},
 numpages = {10},
 publisher = {ACM},
 address = {New York, NY, USA},
 keywords = {Gesture design, user-defined gestures, gesture elicitation, gesture analysis methodology, gesture annotation, gesture memorability, gesture datasets},
} 