@article{ciaran,
  Author = {McCreesh, Ciaran and Prosser, Patrick},
 Title = {The Shape of the Search Tree for the Maximum Clique Problem, and the Implications for Parallel Branch and Bound},
  Year = {2014},
 url = {http://arxiv.org/abs/1401.5921}}

@url{azure,
 Howpublished = {\url{https://azure.microsoft.com/en-us/}},
 Title = {Microsoft Azure}}

@article{chord1,
  Author = {Dabek, Frank and Brunskill, Emma and Kaashoek, M. Frans and Karger, David R. and Morris, Robert and Stoica, Ion and Balakrishnan, Hari},
 Journal = {IEEE Computer Society},
 Pages = {81--86},
 Title = {Building peer-to-peer systems with Chord, a distributed lookup service},
 Year = {2001}}

@inproceedings{chord2,
  Author = {Stoica, Ion and Morris, Robert and Karger, David and Kaashoek, Frans and Balakrishnan, Hari},
 Booktitle = {Proceedings of the 2001 ACM SIGCOMM Conference},
 Pages = {149--160},
 Title = {Chord: A scalable peer-to-peer lookup service for internet applications},
 Year = {2001}}

 @article{kotthoff,
     author = {Kotthoff, Lars},
     title = {Reliability of computational experiments on virtualised hardware},
     journal = {Journal of Experimental \& Theoretical Artificial Intelligence},
     volume = {26},
     number = {1},
     pages = {33-49},
     year = {2014},
     doi = {10.1080/0952813X.2013.784812},
     URL = {http://dx.doi.org/10.1080/0952813X.2013.784812 },
     eprint = {http://dx.doi.org/10.1080/0952813X.2013.784812}
}

